@book{UML:JACOBSON,
  title={The Unified Modeling Language User Guide},
  author={Ivar Jacobson and Grady Booch and James Rumbaugh},
  year={1998},
  publisher={Addison-Wesley Professional},
  address = {Redwood City, CA, USA}
}


@article{apostila-beamer-ufsm,
    author={Antonio Carlos Lyrio Bidel and Fernanda Somavilla and Helga de Mattos Pasinato and Vagner Weide Rodrigues},
    title={Beamer e P{\^o}ster com o LATEX},
    url={https://www.ufsm.br/app/uploads/sites/783/2020/02/apostila_minicurso_beamer.pdf},
    year={2013},
}

@article{minicurso-latex-beamer-aula5,
    author={B{\Â´a}rbara Quintela},
    title={Minicurso de LATEX + Beamer - Aula 5},
    url={https://barbaraquintela.files.wordpress.com/2016/02/aula51.pdf},
    year={2016},
}

@article{beamer-user-guide,
    author={Till Tantau and Joseph Wright and Vedran Mileti{\'c}},
    title={The beamer class},
    subtitle={User Guide for version 3.62},
    url={http://tug.ctan.org/macros/latex/contrib/beamer/doc/beameruserguide.pdf},
    year={2021},
}


